@inproceedings{rivest2001leak,
    title={How to leak a secret},
    author={Rivest, Ronald L and Shamir, Adi and Tauman, Yael},
    booktitle={International Conference on the Theory and Application of Cryptology and Information Security},
    pages={552--565},
    year={2001},
    organization={Springer}
}

@misc{CryptoNote,
    author= {Nicolas van Saberhagen},
    title= {CryptoNote whitepaper},
    year={2013},
    url= {https://cryptonote.org/whitepaper.pdf}
}

@inproceedings{lenacota2015,
  title={A framework for the design configuration of accountable selfish-resilient Peer-to-Peer systems},
  author={Cota, Guido Lena and Mokhtar, Sonia Ben and Lawall, Julia and Muller, Gilles and Gianini, Gabriele and Damiani, Ernesto and Brunie, Lionel},
  booktitle={2015 IEEE 34th Symposium on Reliable Distributed Systems (SRDS)},
  pages={276--285},
  year={2015},
  organization={IEEE}
}

@inproceedings{cota2017analysing,
  title={Analysing Selfishness Flooding with SEINE},
  author={Cota, Guido Lena and Mokhtar, Sonia Ben and Gianini, Gabriele and Damiani, Ernesto and Lawall, Julia and Muller, Gilles and Brunie, Lionel},
  booktitle={2017 47th Annual IEEE/IFIP International Conference on Dependable Systems and Networks (DSN)},
  pages={603--614},
  year={2017},
  organization={IEEE}
}

@misc{arkwp,
    author= {ARK},
    title= {ARK whitepaper: A Platform for Consumer Adoption V.1.0.3},
    year={2017},
    url= {https://ark.io/Whitepaper.pdf}
}

@book{orwell2009nineteen,
  title={Nineteen eighty-four},
  author={Orwell, George},
  year={2009},
  publisher={Everyman's Library}
}

@misc{SoftpediaFace,
    author= {Softpedia News},
    title= {Facebook Offers Free Internet in the Philippines},
    year={2015},
    url= {https://news.softpedia.com/news/Facebook-Offers-Free-Internet-in-the-Philippines-476355.shtml}
}

@misc{Newsweek2017,
    author= {Newsweek},
    title= {Who Controls the Internet? Facebook and Google dominance could cause ‘The death of the web’},
    year={2017},
    url= {https://www.newsweek.com/facebook-google-internet-traffic-net-neutrality-monopoly-699286}
}

@article{saboia1977autoregressive,
  title={Autoregressive integrated moving average (ARIMA) models for birth forecasting},
  author={Saboia, Joao Luiz Maurity},
  journal={Journal of the American Statistical Association},
  volume={72},
  number={358},
  pages={264--270},
  year={1977},
  publisher={Taylor \& Francis Group}
}


@misc{Statista2019,
    author= {Statista},
    title= {Global Energy Consumption - Statistics and facts},
    year={2019},
    url= {https://www.statista.com/topics/4042/global-energy-consumption/}
}